@book{goetz2006java,
  title={Java concurrency in practice},
  author={Goetz, Brian and Peierls, Tim},
  year={2006},
  publisher={Pearson Education}
}

@article{cattell2011scalable,
  title={Scalable SQL and NoSQL data stores},
  author={Cattell, Rick},
  journal={Acm Sigmod Record},
  volume={39},
  number={4},
  pages={12--27},
  year={2011},
  publisher={ACM}
}

@misc{hom2017front,
 title={front page Fontysvenlo.org},
 url={http://peerweb.fontysvenlo.org},
 journal={Fontysvenlo.org},
 author={Hombergh, van den Pieter},
 year={2017},
 urldate = {2017-03-30}
}