@book{HFDP,
author={ Eric Freeman, Elisabeth Robson, Kathy Sierra and Bert Bates},
title={Head First Design Patterns},
publisher={O'Reilly},
year={2004},
isbn={ISBN 10: 0-596-00712-4 | ISBN 13: 9780596007126}
}

@book{HFOOAD,
author={Brett McLaughlin, Gary Pollice, David West},
title={Head First Object-Oriented Analysis and Design},
publisher={O'Reilly},
year={2006},
isbn={ISBN 10: 0-596-00867-8 | ISBN 13: 9780596008673}
}
@book{GOF,
author={Erich Gamma, Richard Helm, Ralph Johnson and John Vlissides},
title={Design Patterns: Elements of Reusable Object-Oriented Software},
publisher={Addison Wesley},
year={1995},
isbn={ISBN 0-201-63361-2}
}
@book{DHT,
author={Bruce Powel Douglass},
title={Doing Hard Time: Developing Real-Time Systems with UML, Objects, Frameworks, and Patterns},
publisher={Addison-Wesley},
year={1999},
isbn={ISBN-10: 0201498375|ISBN-13: 9780201498370}
}